%DSP history sources
@inproceedings{smith1991viewpoints,
  title={Viewpoints on the history of digital synthesis},
  author={Smith, Julius O},
  booktitle={Proceedings of the International Computer Music Conference},
  pages={1--1},
  year={1991},
  organization={INTERNATIONAL COMPUTER MUSIC ACCOCIATION}
}

@article{mathews1963digital,
  title={The digital computer as a musical instrument},
  author={Mathews, Max V},
  journal={Science},
  volume={142},
  number={3592},
  pages={553--557},
  year={1963},
  publisher={JSTOR}
}
@article{mack2011fifty,
  title={Fifty years of Moore's law},
  author={Mack, Chris A},
  journal={IEEE Transactions on semiconductor manufacturing},
  volume={24},
  number={2},
  pages={202--207},
  year={2011},
  publisher={IEEE}
}


%ML sources
% https://arxiv.org/abs/1904.06215
% Assisted Sound Sample Generation with Musical Conditioning in Adversarial Auto-Encoders

% http://www.aes.org/e-lib/browse.cfm?elib=18754
% Timbral Attributes for Sound Effect Library Searching

@inproceedings{esling2018generative,
  title={Generative timbre spaces with variational audio synthesis},
  author={Esling, Philippe and Chemla-Romeu-Santos, Axel and Bitton, Adrien},
  booktitle={Proceedings of the International Conference on Digital Audio Effects (DAFx)},
  year={2018}
}

@book{Knuth68:art_of_programming,
  author    = {Donald E. Knuth},
  title     = {{The Art of Computer Programming, Volume {I:} Fundamental Algorithms}},
  year      = {1968},
  publisher = {Addison-Wesley}
}
@article{aouameur2019neural,
  title={Neural Drum Machine: An Interactive System for Real-time Synthesis of Drum Sounds},
  author={Aouameur, Cyran and Esling, Philippe and Hadjeres, Ga{\"e}tan},
  journal={arXiv preprint arXiv:1907.02637},
  year={2019}
}
@article{rudin2019stop,
  title={Stop explaining black box machine learning models for high stakes decisions and use interpretable models instead},
  author={Rudin, Cynthia},
  journal={Nature Machine Intelligence},
  volume={1},
  number={5},
  pages={206--215},
  year={2019},
  publisher={Nature Publishing Group}
}

@inproceedings{ramires2020neural,
  title={Neural Percussive Synthesis Parameterised by High-Level Timbral Features},
  author={Ramires, Ant{\'o}nio and Chandna, Pritish and Favory, Xavier and G{\'o}mez, Emilia and Serra, Xavier},
  booktitle={ICASSP 2020-2020 IEEE International Conference on Acoustics, Speech and Signal Processing (ICASSP)},
  pages={786--790},
  year={2020},
  organization={IEEE}
}

@misc{nsynth2017,
    Author = {Jesse Engel and Cinjon Resnick and Adam Roberts and
              Sander Dieleman and Douglas Eck and Karen Simonyan and
              Mohammad Norouzi},
    Title = {Neural Audio Synthesis of Musical Notes with WaveNet Autoencoders},
    Year = {2017},
    Eprint = {arXiv:1704.01279},
}

@article{DEAP_JMLR2012, 
    author    = " F\'elix-Antoine Fortin and Fran\c{c}ois-Michel {De Rainville} and Marc-Andr\'e Gardner and Marc Parizeau and Christian Gagn\'e ",
    title     = { {DEAP}: Evolutionary Algorithms Made Easy },
    pages    = { 2171--2175 },
    volume    = { 13 },
    month     = { jul },
    year      = { 2012 },
    journal   = { Journal of Machine Learning Research }
}

@inproceedings{pras2010sampling,
  title={Sampling Rate Discrimination: 44.1 kHz vs. 88.2 kHz},
  author={Pras, Amandine and Guastavino, Catherine},
  booktitle={Audio Engineering Society Convention 128},
  year={2010},
  organization={Audio Engineering Society}
}

@article{reiss2016meta,
  title={A meta-analysis of high resolution audio perceptual evaluation},
  author={Reiss, Joshua D},
  journal={Journal of the Audio Engineering Society},
  year={2016}
}
@inproceedings{tanev2013virtual,
  title={Virtual Studio Technology inside Music Production},
  author={Tanev, George and Bo{\v{z}}inovski, Adrijan},
  booktitle={International Conference on ICT Innovations},
  pages={231--241},
  year={2013},
  organization={Springer}
}
@book{leider2004digital,
  title={Digital audio workstation},
  author={Leider, Colby N},
  year={2004},
  publisher={McGraw-Hill, Inc.}
}

@article{oord2017parallel,
  title={Parallel wavenet: Fast high-fidelity speech synthesis},
  author={Oord, Aaron van den and Li, Yazhe and Babuschkin, Igor and Simonyan, Karen and Vinyals, Oriol and Kavukcuoglu, Koray and Driessche, George van den and Lockhart, Edward and Cobo, Luis C and Stimberg, Florian and others},
  journal={arXiv preprint arXiv:1711.10433},
  year={2017}
}

@article{jones2001scipy,
  title={SciPy: Open source scientific tools for Python},
  author={Jones, Eric and Oliphant, Travis and Peterson, Pearu and others},
  year={2001},
  publisher={https://www. scipy. org}
}

@article{yee2018automatic,
  title={Automatic Programming of VST Sound Synthesizers Using Deep Networks and Other Techniques},
  author={Yee-King, Matthew John and Fedden, Leon and d'Inverno, Mark},
  journal={IEEE Transactions on Emerging Topics in Computational Intelligence},
  volume={2},
  number={2},
  pages={150--159},
  year={2018},
  publisher={IEEE}
}

%iga and ga
@ARTICLE{hornermachinetongues,
AUTHOR="Andrew Horner and James Beauchamp and Lippold Haken",
TITLE="{Machine Tongues {XVI}}: Genetic Algorithms and their Application
  to {FM} Matching Synthesis",
JOURNAL="Computer Music Journal",
YEAR="1993",
VOLUME="17",
NUMBER="4",
PUBLISHER="MIT Press",
PAGES="17-29"
}

@inproceedings{macret2012automatic,
  title={Automatic calibration of modified {fm} synthesis to harmonic sounds using genetic algorithms},
  author={Macret, Matthieu and Pasquier, Philippe and Smyth, Tamara},
  booktitle={Proceedings of the 9th Sound and Music Computing Conference},
  address={Copenhagen, Denmark},
  year={2012}
}
@inproceedings{johnson1999exploring,
  title={Exploring the sound-space of synthesis algorithms using interactive genetic algorithms},
  author={Johnson, Colin G},
  booktitle={Proceedings of the AISB'99 Symposium on Musical Creativity},
  pages={20--27},
  year={1999},
  organization={Society for the Study of Artificial Intelligence and Simulation of Behaviour}
}
@inproceedings{dahlstedt2001creating,
  title={Creating and Exploring Huge Parameter Spaces: Interactive Evolution as a Tool for Sound Generation.},
  author={Dahlstedt, Palle},
  booktitle={ICMC},
  year={2001}
}

@inproceedings{jonsson2015interactively,
  title={Interactively evolving compositional sound synthesis networks},
  author={J{\'o}nsson, Bj{\"o}rn {\TH}{\'o}r and Hoover, Amy K and Risi, Sebastian},
  booktitle={Proceedings of the 2015 Annual Conference on Genetic and Evolutionary Computation},
  pages={321--328},
  year={2015},
  organization={ACM}
}
@inproceedings{garcia2002automatic,
  title={Automatic design of sound synthesis techniques by means of genetic programming},
  author={Garcia, Ricardo A},
  booktitle={Audio Engineering Society Convention 113},
  year={2002},
  organization={Audio Engineering Society}
}

@article{esling2019universal,
  title={Universal audio synthesizer control with normalizing flows},
  author={Esling, Philippe and Masuda, Naotake and Bardet, Adrien and Despres, Romeo and others},
  journal={arXiv preprint arXiv:1907.00971},
  year={2019}
}

@article{scheirer2012towar,
  title={Toward open set recognition},
  author={Scheirer, Walter J and de Rezende Rocha, Anderson and Sapkota, Archana and Boult, Terrance E},
  journal={IEEE transactions on pattern analysis and machine intelligence},
  volume={35},
  number={7},
  pages={1757--1772},
  year={2012},
  publisher={IEEE}
}
@article{geng2020recent,
  title={Recent advances in open set recognition: A survey},
  author={Geng, Chuanxing and Huang, Sheng-jun and Chen, Songcan},
  journal={IEEE Transactions on Pattern Analysis and Machine Intelligence},
  year={2020},
  publisher={IEEE}
}

@inproceedings{mundt2019open,
  title={Open Set Recognition Through Deep Neural Network Uncertainty: Does Out-of-Distribution Detection Require Generative Classifiers?},
  author={Mundt, Martin and Pliushch, Iuliia and Majumder, Sagnik and Ramesh, Visvanathan},
  booktitle={Proceedings of the IEEE International Conference on Computer Vision Workshops},
  pages={0--0},
  year={2019}
}
@inproceedings{hassen2020learning,
  title={Learning a neural-network-based representation for open set recognition},
  author={Hassen, Mehadi and Chan, Philip K},
  booktitle={Proceedings of the 2020 SIAM International Conference on Data Mining},
  pages={154--162},
  year={2020},
  organization={SIAM}
}


@article{cochran1967fast,
  title={What is the fast Fourier transform?},
  author={Cochran, William T and Cooley, James W and Favin, David L and Helms, Howard D and Kaenel, Reginald A and Lang, William W and Maling, George C and Nelson, David E and Rader, Charles M and Welch, Peter D},
  journal={Proceedings of the IEEE},
  volume={55},
  number={10},
  pages={1664--1674},
  year={1967},
  publisher={IEEE}
}
@article{griffin1984signal,
  title={Signal estimation from modified short-time Fourier transform},
  author={Griffin, Daniel and Lim, Jae},
  journal={IEEE Transactions on Acoustics, Speech, and Signal Processing},
  volume={32},
  number={2},
  pages={236--243},
  year={1984},
  publisher={IEEE}
}
@article{nawab1983signal,
  title={Signal reconstruction from short-time Fourier transform magnitude},
  author={Nawab, S and Quatieri, T and Lim, Jae},
  journal={IEEE Transactions on Acoustics, Speech, and Signal Processing},
  volume={31},
  number={4},
  pages={986--998},
  year={1983},
  publisher={IEEE}
}
@inproceedings{gouyon2000use,
  title={On the use of zero-crossing rate for an application of classification of percussive sounds},
  author={Gouyon, Fabien and Pachet, Fran{\c{c}}ois and Delerue, Olivier and others},
  booktitle={Proceedings of the COST G-6 conference on Digital Audio Effects (DAFX-00), Verona, Italy},
  pages={26},
  year={2000}
}
@inproceedings{albawi2017understanding,
  title={Understanding of a convolutional neural network},
  author={Albawi, Saad and Mohammed, Tareq Abed and Al-Zawi, Saad},
  booktitle={2017 International Conference on Engineering and Technology (ICET)},
  pages={1--6},
  year={2017},
  organization={Ieee}
}
@inproceedings{schubert2004spectral,
  title={Spectral centroid and timbre in complex, multiple instrumental textures},
  author={Schubert, Emery and Wolfe, Joe and Tarnopolsky, Alex},
  booktitle={Proceedings of the international conference on music perception and cognition, North Western University, Illinois},
  pages={112--116},
  year={2004},
  organization={sn}
}
@inproceedings{sturmel2011signal,
  title={Signal reconstruction from STFT magnitude: A state of the art},
  author={Sturmel, Nicolas and Daudet, Laurent and others},
  booktitle={International conference on digital audio effects (DAFx)},
  pages={375--386},
  year={2011}
}
@article{fleiss1971measuring,
  title={Measuring nominal scale agreement among many raters.},
  author={Fleiss, Joseph L},
  journal={Psychological bulletin},
  volume={76},
  number={5},
  pages={378},
  year={1971},
  publisher={American Psychological Association}
}

@inproceedings{van2001foleyautomatic,
  title={FoleyAutomatic: physically-based sound effects for interactive simulation and animation},
  author={Van Den Doel, Kees and Kry, Paul G and Pai, Dinesh K},
  booktitle={Proceedings of the 28th annual conference on Computer graphics and interactive techniques},
  pages={537--544},
  year={2001}
}

@article{langlois2016toward,
  title={Toward animating water with complex acoustic bubbles},
  author={Langlois, Timothy R and Zheng, Changxi and James, Doug L},
  journal={ACM Transactions on Graphics (TOG)},
  volume={35},
  number={4},
  pages={1--13},
  year={2016},
  publisher={ACM New York, NY, USA}
}


@article{shit2015moments,
  title={Moments in the valuation of sound: The early history of synthesizers},
  author={Antal, Ariane},
  journal={Moments of Valuation: Exploring Sites of Dissonance},
  year={2015},
  publisher={Oxford University Press, USA}
}

@book{jenkins2019analog,
  title={Analog synthesizers: understanding, performing, buying: from the legacy of Moog to software synthesis},
  author={Jenkins, Mark},
  year={2019},
  publisher={Routledge}
}

@article{alain2007age,
  title={Age-related differences in neuromagnetic brain activity underlying concurrent sound perception},
  author={Alain, Claude and McDonald, Kelly L},
  journal={Journal of Neuroscience},
  volume={27},
  number={6},
  pages={1308--1314},
  year={2007},
  publisher={Soc Neuroscience}
}

@article{newman2012grm7,
  title={GRM7 variants associated with age-related hearing loss based on auditory perception},
  author={Newman, Dina L and Fisher, Laurel M and Ohmen, Jeffrey and Parody, Robert and Fong, Chin-To and Frisina, Susan T and Mapes, Frances and Eddins, David A and Frisina, D Robert and Frisina, Robert D and others},
  journal={Hearing research},
  volume={294},
  number={1-2},
  pages={125--132},
  year={2012},
  publisher={Elsevier}
}

@article{zwicker1977procedure,
  title={Procedure for calculating loudness of temporally variable sounds},
  author={Zwicker, Eberhard},
  journal={The Journal of the Acoustical Society of America},
  volume={62},
  number={3},
  pages={675--682},
  year={1977},
  publisher={Acoustical Society of America}
}

@incollection{cook1999chap4,
title={Music, cognition, and computerized sound: An introduction to psychoacoustics},
year={1999},
publisher={The MIT press},
author={Pierce, John},
editor={Cook, Perry R},
chapter={4: Sound Waves and Sine Waves},
pages     = {38},   
crossreference={cook1999music}
}
@incollection{cook1999chap6,
title={Music, cognition, and computerized sound: An introduction to psychoacoustics},
year={1999},
publisher={The MIT press},
author={Mathews, Max},
editor={Cook, Perry R},
chapter={6: What is Loudness?},
pages     = {71},   
crossreference={cook1999music}
}

@book{cook1999music,
  title={Music, cognition, and computerized sound: An introduction to psychoacoustics.},
  editor={Cook, Perry R},
  year={1999},
  publisher={The MIT press}
}


@book{mitchell2009basicsynth,
  title={Basicsynth},
  author={Mitchell, Daniel},
  year={2009},
  publisher={Lulu. com}
}
@incollection{mitchell2009basicsynthChap5,
  title={Basicsynth},
  author={Mitchell, Daniel},
  chapter={5: Signal Generators},
  year={2009},
  publisher={Lulu. com}
}

@incollection{mitchell2009basicsynthChap6,
  title={Basicsynth},
  author={Mitchell, Daniel},
  chapter={6: Envelope Generators},
  year={2009},
  publisher={Lulu. com}
}
@incollection{mitchell2009basicsynthChap1,
  title={Basicsynth},
  author={Mitchell, Daniel},
  chapter={1: Synthesis Overview},
  year={2009},
  publisher={Lulu. com}
}


@book{lyons2004understandingChap1,
  title={Understanding digital signal processing, 3/E},
  author={Lyons, Richard G},
  year={2004},
  chapter={1 Discrete Sequences and Systems},
  publisher={Pearson Education India}
}


@article{fletcher1933loudness,
  title={Loudness, its definition, measurement and calculation},
  author={Fletcher, Harvey and Munson, Wilden A},
  journal={Bell System Technical Journal},
  volume={12},
  number={4},
  pages={377--430},
  year={1933},
  publisher={Wiley Online Library}
}
@article{lakatos2000common,
  title={A common perceptual space for harmonic and percussive timbres},
  author={Lakatos, Stephen},
  journal={Perception \& psychophysics},
  volume={62},
  number={7},
  pages={1426--1439},
  year={2000},
  publisher={Springer}
}

% START neural net and control theory 
@article{oord2016wavenet,
  title={Wavenet: A generative model for raw audio},
  author={Oord, Aaron van den and Dieleman, Sander and Zen, Heiga and Simonyan, Karen and Vinyals, Oriol and Graves, Alex and Kalchbrenner, Nal and Senior, Andrew and Kavukcuoglu, Koray},
  journal={arXiv preprint arXiv:1609.03499},
  year={2016}
}
@article{cardaliaguet1992approximation,
  title={Approximation of a function and its derivative with a neural network},
  author={Cardaliaguet, Pierre and Euvrard, Guillaume},
  journal={Neural Networks},
  volume={5},
  number={2},
  pages={207--220},
  year={1992},
  publisher={Elsevier}
}
@article{cybenko1989approximation,
  title={Approximation by superpositions of a sigmoidal function},
  author={Cybenko, George},
  journal={Mathematics of control, signals and systems},
  volume={2},
  number={4},
  pages={303--314},
  year={1989},
  publisher={Springer}
}
@book{aastrom2012introduction,
  title={Introduction to stochastic control theory},
  author={{\AA}str{\"o}m, Karl J},
  year={2012},
  publisher={Courier Corporation}
}
@inproceedings{ba2013adaptive,
  title={Adaptive dropout for training deep neural networks},
  author={Ba, Jimmy and Frey, Brendan},
  booktitle={Advances in neural information processing systems},
  pages={3084--3092},
  year={2013}
}

@article{bergstra2012random,
  title={Random search for hyper-parameter optimization},
  author={Bergstra, James and Bengio, Yoshua},
  journal={Journal of machine learning research},
  volume={13},
  number={Feb},
  pages={281--305},
  year={2012}
}
@book{anderson1988neurocomputing,
  title={Neurocomputing},
  author={Anderson, James A and Rosenfeld, Edward and Pellionisz, Andras},
  volume={2},
  year={1988},
  publisher={MIT press}
}
@article{basheer2000artificial,
  title={Artificial neural networks: fundamentals, computing, design, and application},
  author={Basheer, Imad A and Hajmeer, Maha},
  journal={Journal of microbiological methods},
  volume={43},
  number={1},
  pages={3--31},
  year={2000},
  publisher={Elsevier}
}
@inproceedings{yamamoto2020parallel,
  title={Parallel WaveGAN: A fast waveform generation model based on generative adversarial networks with multi-resolution spectrogram},
  author={Yamamoto, Ryuichi and Song, Eunwoo and Kim, Jae-Min},
  booktitle={ICASSP 2020-2020 IEEE International Conference on Acoustics, Speech and Signal Processing (ICASSP)},
  pages={6199--6203},
  year={2020},
  organization={IEEE}
}

@article{yamamoto2019parallel,
  title={Parallel WaveGAN: A fast waveform generation model based on generative adversarial networks with multi-resolution spectrogram},
  author={Yamamoto, Ryuichi and Song, Eunwoo and Kim, Jae-Min},
  journal={arXiv preprint arXiv:1910.11480},
  year={2019}
}
@inproceedings{hinton1994autoencoders,
  title={Autoencoders, minimum description length and Helmholtz free energy},
  author={Hinton, Geoffrey E and Zemel, Richard S},
  booktitle={Advances in neural information processing systems},
  pages={3--10},
  year={1994}
}
@article{hinton2006reducing,
  title={Reducing the dimensionality of data with neural networks},
  author={Hinton, Geoffrey E and Salakhutdinov, Ruslan R},
  journal={science},
  volume={313},
  number={5786},
  pages={504--507},
  year={2006},
  publisher={American Association for the Advancement of Science}
}
@inproceedings{akiba2019optuna,
  title={Optuna: A next-generation hyperparameter optimization framework},
  author={Akiba, Takuya and Sano, Shotaro and Yanase, Toshihiko and Ohta, Takeru and Koyama, Masanori},
  booktitle={Proceedings of the 25th ACM SIGKDD International Conference on Knowledge Discovery \& Data Mining},
  pages={2623--2631},
  year={2019}
}

@article{hagras2018toward,
  title={Toward human-understandable, explainable AI},
  author={Hagras, Hani},
  journal={Computer},
  volume={51},
  number={9},
  pages={28--36},
  year={2018},
  publisher={IEEE}
}

@article{notley2018examining,
  title={Examining the use of neural networks for feature extraction: A comparative analysis using deep learning, support vector machines, and k-nearest neighbor classifiers},
  author={Notley, Stephen and Magdon-Ismail, Malik},
  journal={arXiv preprint arXiv:1805.02294},
  year={2018}
}
%END  neural net and control theory 

% START OTHER JUNK
@article{moog1986midi,
  title={MIDI: musical instrument digital interface},
  author={Moog, Robert A},
  journal={Journal of the Audio Engineering Society},
  volume={34},
  number={5},
  pages={394--404},
  year={1986},
  publisher={Audio Engineering Society}
}
@article{schwarz2007corpus,
  title={Corpus-based concatenative synthesis},
  author={Schwarz, Diemo},
  journal={IEEE signal processing magazine},
  volume={24},
  number={2},
  pages={92--104},
  year={2007},
  publisher={IEEE}
}

@article{li2017hyperband,
  title={Hyperband: A novel bandit-based approach to hyperparameter optimization},
  author={Li, Lisha and Jamieson, Kevin and DeSalvo, Giulia and Rostamizadeh, Afshin and Talwalkar, Ameet},
  journal={The Journal of Machine Learning Research},
  volume={18},
  number={1},
  pages={6765--6816},
  year={2017},
  publisher={JMLR. org}
}
@article{needham1967percussion,
  title={Percussion and transition},
  author={Needham, Rodney},
  journal={Man},
  volume={2},
  number={4},
  pages={606--614},
  year={1967},
  publisher={JSTOR}
}
@article{barry2005drum,
  title={Drum source separation using percussive feature detection and spectral modulation},
  author={Barry, Dan and Fitzgerald, Derry and Coyle, Eugene and Lawlor, Bob},
  year={2005},
  publisher={IET}
}

@article{geurts2006extremely,
  title={Extremely randomized trees},
  author={Geurts, Pierre and Ernst, Damien and Wehenkel, Louis},
  journal={Machine learning},
  volume={63},
  number={1},
  pages={3--42},
  year={2006},
  publisher={Springer}
}
@misc{salimihindle_drums, 
title={Drum and Percussion Kits, 10.5281/zenodo.3994999}, 
DOI={10.5281/zenodo.3994999}, 
publisher={Zenodo}, 
author={Salimi, Amir and Hindle, Abram}, 
year={2020},
month={Aug},
}


%END OTHER JUNK

%autoencoder types
@inproceedings{pu2016variational,
  title={Variational autoencoder for deep learning of images, labels and captions},
  author={Pu, Yunchen and Gan, Zhe and Henao, Ricardo and Yuan, Xin and Li, Chunyuan and Stevens, Andrew and Carin, Lawrence},
  booktitle={Advances in neural information processing systems},
  pages={2352--2360},
  year={2016}
}
@inproceedings{zhang2016facing,
  title={Facing realism in spontaneous emotion recognition from speech: Feature enhancement by autoencoder with LSTM neural networks},
  author={Zhang, Zixing and Ringeval, Fabien and Han, Jing and Deng, Jun and Marchi, Erik and Schuller, Bj{\"o}rn},
  year={2016}
}
@inproceedings{gensler2016deep,
  title={Deep Learning for solar power forecasting—An approach using AutoEncoder and LSTM Neural Networks},
  author={Gensler, Andr{\'e} and Henze, Janosch and Sick, Bernhard and Raabe, Nils},
  booktitle={2016 IEEE international conference on systems, man, and cybernetics (SMC)},
  pages={002858--002865},
  year={2016},
  organization={IEEE}
}
@inproceedings{bergstra2011algorithms,
  title={Algorithms for hyper-parameter optimization},
  author={Bergstra, James S and Bardenet, R{\'e}mi and Bengio, Yoshua and K{\'e}gl, Bal{\'a}zs},
  booktitle={Advances in neural information processing systems},
  pages={2546--2554},
  year={2011}
}
@article{bengio2000gradient,
  title={Gradient-based optimization of hyperparameters},
  author={Bengio, Yoshua},
  journal={Neural computation},
  volume={12},
  number={8},
  pages={1889--1900},
  year={2000},
  publisher={MIT Press}
}

@inproceedings{hutter2014efficient,
  title={An efficient approach for assessing hyperparameter importance},
  author={Hutter, Frank and Hoos, Holger and Leyton-Brown, Kevin},
  booktitle={International conference on machine learning},
  pages={754--762},
  year={2014}
}

@article{malkin2006machine,
  title={Machine listening for context-aware computing},
  author={Malkin, Robert G},
  journal={PHD thesis, CMU},
  year={2006}
}
@book{rowe1992interactive,
  title={Interactive music systems: machine listening and composing},
  author={Rowe, Robert},
  year={1992},
  publisher={MIT press}
}

@article{pedregosa2011scikit,
  title={Scikit-learn: Machine learning in Python},
  author={Pedregosa, Fabian and Varoquaux, Ga{\"e}l and Gramfort, Alexandre and Michel, Vincent and Thirion, Bertrand and Grisel, Olivier and Blondel, Mathieu and Prettenhofer, Peter and Weiss, Ron and Dubourg, Vincent and others},
  journal={the Journal of machine Learning research},
  volume={12},
  pages={2825--2830},
  year={2011},
  publisher={JMLR. org}
}

@inproceedings{provost2000machine,
  title={Machine learning from imbalanced data sets 101},
  author={Provost, Foster},
  booktitle={Proceedings of the AAAI’2000 workshop on imbalanced data sets},
  volume={68},
  number={2000},
  pages={1--3},
  year={2000},
  organization={AAAI Press}
}
@article{chawla2004special,
  title={Special issue on learning from imbalanced data sets},
  author={Chawla, Nitesh V and Japkowicz, Nathalie and Kotcz, Aleksander},
  journal={ACM SIGKDD explorations newsletter},
  volume={6},
  number={1},
  pages={1--6},
  year={2004},
  publisher={ACM New York, NY, USA}
}

@article{stevens1940relation,
  title={The relation of pitch to frequency: A revised scale},
  author={Stevens, Stanley S and Volkmann, John},
  journal={The American Journal of Psychology},
  volume={53},
  number={3},
  pages={329--353},
  year={1940},
  publisher={JSTOR}
}


@inproceedings{caruana2006empirical,
  title={An empirical comparison of supervised learning algorithms},
  author={Caruana, Rich and Niculescu-Mizil, Alexandru},
  booktitle={Proceedings of the 23rd international conference on Machine learning},
  pages={161--168},
  year={2006}
}

@article{huzaifah2017comparison,
  title={Comparison of time-frequency representations for environmental sound classification using convolutional neural networks},
  author={Huzaifah, Muhammad},
  journal={arXiv preprint arXiv:1706.07156},
  year={2017}
}

@inproceedings{lee2009unsupervised,
  title={Unsupervised feature learning for audio classification using convolutional deep belief networks},
  author={Lee, Honglak and Pham, Peter and Largman, Yan and Ng, Andrew Y},
  booktitle={Advances in neural information processing systems},
  pages={1096--1104},
  year={2009}
}
%creativity and constraints
@incollection{boden1996creativity,
  title={Creativity},
  author={Boden, Margaret A},
  booktitle={Artificial intelligence},
  pages={267--291},
  year={1996},
  publisher={Elsevier}
}
@article{boden2009computer,
  title={Computer models of creativity},
  author={Boden, Margaret A},
  journal={AI Magazine},
  volume={30},
  number={3},
  pages={23--23},
  year={2009}
}

@article{mcalpine2017sound,
  title={The sound of 1-bit: Technical constraint and musical creativity on the 48k Sinclair ZX Spectrum},
  author={McAlpine, Kenneth B},
  journal={GAME: The Italian Journal of Game Studies},
  volume={1},
  number={6},
  year={2017}
}
@article{collins2007loop,
  title={In the loop: Creativity and constraint in 8-bit video game audio},
  author={Collins, Karen},
  journal={Twentieth-century music},
  volume={4},
  number={2},
  pages={209},
  year={2007},
  publisher={Cambridge University Press}
}

@inproceedings{salimiCSMC2020-virtual-listeners-drums,
 abstract = {Can we generate drum synthesizers automatically? We present an approach for the automatic generation of synthesizer programs for one-shot percussive sounds. Recent advancements in digital synthesis, heuristic search, and neural networks can be utilized for sound generation. Yet the need for data, the problem of open set recognition, and high computational costs persist as barriers towards the expansion of sound libraries using these techniques. We generate quick, scalable, percussion synthesizers using classical signal processing. We train drum classifiers to find and classify synthesizer programs that mimic percussive sounds. We use features from Fourier transformations and autoencoder embeddings to train machine learning classifiers. Manual listening tests of the generated sounds demonstrates the system can successfully generate drum synthesizers and categorize drum sounds. To facilitate future research, we share our curated dataset of free percussive sounds.},
 accepted = {2020-09-17},
 author = {Amir Salimi and Abram Hindle},
 authors = {Amir Salimi and Abram Hindle},
 booktitle = {Proceedings of the 2020 AI Music Creativity Conference, 2020},
 code = {salimiCSMC2020-virtual-listeners-drums},
 date = {2020-10-21},
 funding = {NSERC Discovery},
 isbn = {978-91-519-5560-5},
 location = {Stockholm, Sweden},
 pagerange = {1--8},
 pages = {1--8},
 rate = {},
 role = {Co-Author},
 title = {Make your own audience: virtual listeners can filter generated drum programs},
 type = {inproceedings},
 url = {http://softwareprocess.ca/pubs/salimiCSMC2020-virtual-listeners-drums.pdf},
 venue = {Proceedings of the 2020 AI Music Creativity Conference, 2020},
 year = {2020}
}

@article{zwicker1961subdivision,
  title={Subdivision of the audible frequency range into critical bands (Frequenzgruppen)},
  author={Zwicker, Eberhard},
  journal={The Journal of the Acoustical Society of America},
  volume={33},
  number={2},
  pages={248--248},
  year={1961},
  publisher={Acoustical Society of America}
}
